@article{on1,
	title={Investigating the contribution of {residual unexplained variability} components in nonlinear-mixed effect approach}},
	author={\textbf{Jaber, Mutaz M.} and Brundage, Richard C.}, 
	year={2022},
	journal={\textbf{Target}: Journal of Pharmacokinetics and Pharmacodynamic},
	keywords ={ongoing}
}

@article{on2,
	title={Estimation of the recorded sampling time measurement variability in a nonlinear mixed-effect approach},
	author={\textbf{Jaber, Mutaz M.} and Brundage, Richard C.}, 
	year={2022},
	journal={\textbf{Target}: Journal of Pharmacokinetics and Pharmacodynamic},
	keywords ={ongoing}
}


@article{on3,
	title={Population Pharmacokinetic Analysis of Phosphoramide Mustard Following Cyclophosphamide Administration in Hematopoietic Cell Transplant Conditioning Therapy},
	author={\textbf{Jaber, MM} and Takahashi, T and Kirsten, M and Jacobson, P and  Brundage, RC.}, 
	year={2022},
	journal={\textbf{Target}: Clinical pharmacokinetics},
	keywords ={ongoing}
}

@article{on4,
	title={Pharmacokinetic Analysis of Buprenorphine in Opioid-dependent Vietnamese in a Methadone Treatment Program},
	author={\textbf{Jaber, Mutaz M.} and Brundage, Richard C. and Bart G.}, 
	year={2022},
	journal={\textbf{Target}: Clinical pharmacokinetics},
	keywords ={ongoing}
}

@article{on5,
	title={Simultanous Analysis of S-/R-Methadone and their unbound concentration in Opioid-dependent Treatment Program},
	author={\textbf{Jaber, Mutaz M.} and Brundage, Richard C. and Bart G.}, 
	year={2022},
	journal={\textbf{Target}: Journal of Clinical Pharmacology},
	keywords ={ongoing}
}

@article{on6,
	title={Sex Non-Specific Growth Charts and the Potential Clinical Implications in the Care of Transgender Youth},
	author={Bomberg EM and Miller BS and Addo OY and \textbf{Jaber, Mutaz M.}and  Sarafoglou K.}, 
	year={2022},
	journal={\textbf{Target}: JAMA pediatrics},
	keywords ={ongoing}
}