
@article{jab0,
	title={Simultaneous exposure analysis of total and unbound R-and S-methadone concentrations},
	author={\textbf{Jaber, Mutaz M.} and Bart, Gavin and Al-Kofahi, Mahmoud and Brundage, Richard C.}, 
	year={2022},
	journal={Minnesota Supercomputing Research Exhibition 2022},
	keywords ={poster},
	doi={10.13140/RG.2.2.21563.08489}
}`


@article{jab1,
	title={Investigating Components of {Residual Unexplained Variability} in {Nonlinear Mixed-Effect Modeling}},
	author={\textbf{Jaber, Mutaz M.} and Brundage, Richard C.}, 
	year={2021},
	journal={Population Approach Group Europe},
	keywords ={poster},
	doi={10.13140/RG.2.2.26809.49765}
}

@article{jab2,
	title={Model-based analysis of the CYP2C9 genotype impact on the fluconazole inhibition of the commonly prescribed drugs flurbiprofen, ketoprofen, and tolbutamide},
	author={Cheng, Shen and \textbf{Jaber, Mutaz M.} and Flora, Darcy R. and Tracy, Timothy S. and Rettie, Allan and Brundage, Richard C.},
	journal={2021 Annual American College of Clinical Pharmacology meeting},
	keywords ={poster},
	year={2021}
}

@article{jab3,
	title={Population Pharmacokinetic Analysis of Phosphoramide Mustard Following Cyclophosphamide Administration in Hematopoietic Cell Transplant Conditioning Therapy},
	author={\textbf{Jaber, Mutaz M.} and Takahashi, Takuto and Kirstein, Mark N. and Jacobson, Pamala and Brundage, Richard C.},
	year={2021},
	doi={10.13140/RG.2.2.23454.05445},
	keywords ={poster},
	journal={2021 Annual American College of Clinical Pharmacology meeting}
}

@article{jab4,
	title={HydroC-Precision: An Integrated Hydrocortisone Dosing and Biomarker Platform for Treating Children with Congenital Adrenal Hyperplasia},
	author={\textbf{Jaber, Mutaz M.} and Sarafoglou, Kyriakie and Al-Kofahi, Mahmoud and Brundage, Richard C.},
	doi = {10.1002/cpdd.858},
	year={2020},
	keywords ={poster},
	journal={2020 Annual American College of Clinical Pharmacology meeting}
}

@article{jab5,
	title={Application of a Deep Learning Algorithm as a Prescreening Tool to Assign Individualized Absorption Models in a Population Pharmacokinetic Analysis},
	year={2020},
	author={\textbf{Jaber, Mutaz M.} and Sarafoglou, Kyriakie and Al-Kofahi, Mahmoud and Brundage, Richard C.},
	keywords ={poster},
	journal={11th American conference on Pharmacometrics}
}
